@inproceedings{Arcodiaetal2014,
address = {Bordeaux},
author = {Arcodia, Giorgio Francesco and Basciano, Bianca and Melloni, Chiara},
booktitle = {Proceedings of the {D}{\'{e}}cembrettes 8th International conference on morphology},
optseries = {({Carnets de Grammaire})},
editor = {Sandra, Augendre and Graziella, Couasnon-Torlois and D{\'{e}}borah, Lebon and Michard, Cl{\'{e}}ment and Gilles, Boy{\'{e}} and Fabio, Montermini},
pages = {15--45},
publisher = {CLLE-ERSS},
title = {Verbal reduplication in {S}initic},
year = {2014},
optvolume = {22},
url={https://iris.unive.it/retrieve/handle/10278/39972/85072/carnGram22.23-53.pdf},
urldate={2020-08-02}
}

@article{BascianoMelloni2017,
author = {Basciano, Bianca and Melloni, Chiara},
issn = {11202726},
journal = {Italian Journal of Linguistics},
number = {1},
pages = {143--166},
title = {Event delimitation in {M}andarin: {T}he case of diminishing reduplication},
volume = {29},
year = {2017},
doi = {10.26346/1120-2726-106}
}

@book{Ramchand2008,
address={Cambridge}, 
series={Cambridge Studies in Linguistics},
number= 116, 
title={Verb Meaning and the Lexicon: {A} {F}irst {P}hase {S}yntax}, 
publisher={Cambridge University Press}, 
author={Ramchand, Gillian Catriona}, 
year={2008}, 
collection={Cambridge Studies in Linguistics 116},
DOI={10.1017/CBO9780511486319}
}

@article{Smith1994,
author = {Smith, Carlota S.},
journal = {Journal of East Asian Linguistics},
pages = {107--146},
title = {Aspectual Viewpoint and Situation Type in {M}andarian {C}hinese},
volume = {3},
year = {1994}
}

@book{XiaoMcEnery2004,
address = {Amsterdam},
author = {Xiao, Richard and McEnery, Tony},
booktitle = {Aspect in {M}andarin {C}hinese: {A} corpus-based study},
title = {Aspect in {M}andarin {C}hinese: {A} corpus-based study},
publisher = {John {B}enjamins},
series = {Studies in Language Companion Series},
number = 73,
year = {2004},
doi = {10.1075/slcs.73}
}

@article{Li1998,
author = {Li, Yuming},
journal = {Zhongguo Yuwen [Chinese language]},
volume = {2},
pages = {83--92},
title = {Dongci chongdie de ruogan jufa wenti [{S}ome syntactic issues on verbal reduplication]},
year = {1998}
}

@inproceedings{YangWei2017,
address = {Cambridge, MA},
author = {Yang, Yifan and Wei, Wei},
booktitle = {Proceedings of {GLOW} in {Asia XI}},
editor = {Erlewine, Michael Yoshitaka},
pages = {227--242},
publisher = {MIT Working Papers in Linguistics},
title = {Verbal Reduplication in {M}andarin {C}hinese: {A}n Analysis at the syntax-phonology interface},
volume = {1},
year = {2017},
url = {https://glowlinguistics.org/asia11/wp-content/uploads/sites/3/2017/11/v1-yang-wei.pdf},
urldate = {2020-08-26}
}

@book{Zhu1982,
author = {Zhu, Dexi},
title = {Yufa jiangyi [Lecture notes on grammar]},
year = {1982},
address = {Beijing},
publisher = {The Commercial Press}
}

@article{Fan1964,
author = {Fan, Fanglian},
journal = {Zhongguo Yuwen [Chinese Language]},
volume = {4},
pages = {264--278},
title = {{Shi lun shuowei ``dongci chongdie'' [A tentative analysis of the so-called ``verbal reduplication"]}},
year = {1964}
}

@article{Zhang2000,
author = {Zhang, Cheng},
journal = {Yuyan Jiaoxue yu Yanjiu [Language Teaching and Linguistic Studies]},
volume = {4},
pages = {10--17},
title = {{Xiandai hanyu ``VyiV'' shi he ``VV'' shi de laiyuan [The origin of ``V-yi-V'' and ``VV'' form in modern Chinese]}},
year = {2000}
}

@book{Chao1968,
booktitle = {A Grammar of Spoken {C}hinese},
year = {1968},
title = {A Grammar of Spoken {C}hinese},
address = {Berkeley, CA},
author = {Chao, Yuen Ren},
publisher = {University of California Press}
}

@book{LiThompson1981,
booktitle = {{M}andarin {C}hinese: {A} functional reference grammar},
isbn = {0520042867},
year = {1981},
title = {{M}andarin {C}hinese: {A} functional reference grammar},
address = {Berkeley, CA},
author = {Li, Charles N. and Thompson, Sandra A.},
keywords = {Chinese language},
publisher = {University of California Press}
}

@incollection{Tsao2001,
  title={Semantics and syntax of verbal and adjectival reduplication in {M}andarin and {T}aiwanese {S}outhern {M}in},
  author={Tsao, Feng-fu},
  booktitle={{S}initic grammar: Synchronic and diachronic perspectives},
  editor = {Chappell, Hilary},
  pages = {285--308},
  year = {2001},
  publisher={Oxford University Press}
}

@article{Xie2020,
author = {Xie, Zhu},
journal = {Studies in Chinese Linguistics},
number = {1},
pages = {73--108},
title = {Two Types of Verb Reduplications in {M}andarin {C}hinese},
volume = {41},
year = {2020},
doi = {10.2478/scl-2020-0003}
}

@incollection{MelloniBasciano2018,
address = {Berlin},
author = {Melloni, Chiara and Basciano, Bianca},
isbn = {9783961101108},
publisher = {Language Science Press},
editor = {Bonami, Olivier and Boyé, Gilles and Dal, Georgette and Giraudo, Hélène and Namer, Fiammetta},
booktitle = {The lexeme in descriptive and theoretical morphology},
title = {Reduplication across boundaries: {T}he case of {M}andarin},
pages = {325--363},
chapter = {14},
year = {2018},
doi = {10.5281/zenodo.1407013}
}

@article{Xiong2016,
author = {Xiong, Zhongru},
journal = {Shijie Hanyu Jiaoxue [Chinese Teaching in the World]},
number = {2},
pages = {156--169},
title = {{Dongci chongdie de jufa fenxi [A syntactic analysis of verbal reduplication]}},
volume = {30},
year = {2016},
doi = {10.13724/j.cnki.ctiw.2016.02.002}
}

@article{Hong1999,
address = {Toronto},
author = {Hong, Zhou},
journal = {Toronto Working Papers in Linguistics},
pages = {263--284},
title = {Cognate objects in {C}hinese},
volume = {17},
year = {1999},
publisher = {Department of Linguistics, University of Toronto},
url = {https://twpl.library.utoronto.ca/index.php/twpl/article/view/6265},
urldate = {2020-09-28}
}

@incollection{Paris2013,
address = {Taipei, Taiwan},
author = {Paris, Marie-Claude},
booktitle = {Breaking Down the Barriers: Interdisciplinary Studies in {C}hinese Linguistics and Beyond},
editor = {Cao, Guangshun and Chappell, Hilary and Djamouri, Redouane and Wiebusch, Thekla},
isbn = {978-986-03-7678-4},
pages = {257--278},
publisher = {Institute of Linguistics, Academia Sinica},
title = {Verbal reduplication and verbal classifiers in {C}hinese},
volume = {1},
year = {2013},
url = {http://www.ling.sinica.edu.tw/Files/LL/Docments/Monographs/Breaking%20Down%20the%20Barriers/Volume%201/12-Paris.pdf},
urldate = {2020-08-02}
}

@book{Huangetal2009,
address={Cambridge}, 
series={Cambridge Syntax Guides}, 
title={The Syntax of {C}hinese},  
publisher={Cambridge University Press}, 
author={Huang, C.-T. James and Li, Y.-H. Audrey and Li, Yafei}, 
year={2009}, 
collection={Cambridge Syntax Guides},
DOI={10.1017/CBO9781139166935}
}

@article{Tsai2008,
author = {Tsai, Wei-Tien Dylan},
issn = {00243841},
journal = {Lingua},
number = {5},
pages = {675--686},
title = {Tense anchoring in {C}hinese},
volume = {118},
year = {2008},
doi = {10.1016/j.lingua.2007.09.002}
}

@article{Lin2002,
author = {Lin, Jo-wang},
issn = {00243841},
journal = {Lingua},
number = {3},
pages = {271--302},
title = {Selectional restrictions of tenses and temporal reference of {C}hinese bare sentences},
volume = {113},
year = {2002},
doi = {10.1016/S0024-3841(02)00089-X}
}

@inproceedings{Travis1999,
address = {Toronto},
author = {Travis, Lisa deMena},
booktitle = {Proceedings of {AFLA VI} (The sixth meeting of the {A}ustronesian {F}ormal {L}inguistics {A}ssociation)},
editor = {Smallwood, Carolyn and Kitto, Catherine},
pages = {313--331},
publisher = {Department of Linguistics, University of Toronto},
title = {A syntactician's view of reduplication},
url = {https://twpl.library.utoronto.ca/index.php/twpl/article/view/6295},
urldate = {2020-10-22},
year = {1999}
}

@inproceedings{Travis1999-short,
address = {Toronto},
author = {Travis, Lisa deMena},
booktitle = {Proceedings of {AFLA VI}},
editor = {Smallwood, Carolyn and Kitto, Catherine},
pages = {313--331},
publisher = {Department of Linguistics, University of Toronto},
title = {A syntactician's view of reduplication},
url = {https://twpl.library.utoronto.ca/index.php/twpl/article/view/6295},
urldate = {2020-10-22},
year = {1999}
}


@incollection{Travis2000,
  title={Event structure in syntax},
  author={Travis, Lisa deMena},
  booktitle={Events as grammatical objects: {T}he converging perspectives of lexical semantics and syntax},
  editor = {Tenny, Carol L. and Pustejovsky, James},
  series = {{CSLI} Lecture Notes},
  number = 100,
  pages={145--185},
  year={2000},
  publisher = {{CSLI Publications}},
  address = {Stanford, CA}
}

@incollection{Travis2000-short,
  title={Event structure in syntax},
  author={Travis, Lisa deMena},
  booktitle={Events as grammatical objects},
  editor = {Tenny, Carol L. and Pustejovsky, James},
  series = {{CSLI} Lecture Notes},
  number = 100,
  pages={145--185},
  year={2000},
  publisher = {{CSLI Publications}},
  address = {Stanford}
}


@inproceedings{Travis2001,
address = {Amherst, MA},
author = {Travis, Lisa deMena},
booktitle = {Proceedings of the {North East Linguistics Society (NELS)}},
editor = {Kim, Minjoo and Strauss, Uri},
volume = {31},
number = {2},
pages = {454--469},
publisher = {Graduate Linguistics Students Association (GLSA), University of Massachusetts Amherst},
title = {The syntax of reduplication},
year = {2001},
url = {https://scholarworks.umass.edu/nels/vol31/iss2/14},
urldate = {2020-09-12}
}

@inproceedings{Travis2001-short,
address = {Amherst},
author = {Travis, Lisa deMena},
booktitle = {Proceedings of {NELS}},
opteditor = {Kim, Minjoo and Strauss, Uri},
optvolume = {31},
number = {2},
pages = {454--469},
optpublisher = {Graduate Linguistics Students Association (GLSA), University of Massachusetts Amherst},
title = {The syntax of reduplication},
year = {2001},
url = {https://scholarworks.umass.edu/nels/vol31/iss2/14},
urldate = {2020-09-12}
}


@inproceedings{Travis2003,
address = {Montr{\'{e}}al},
author = {Travis, Lisa deMena},
booktitle = {Proceedings of the {Annual Conference of the Canadian Linguistic Association (CLA)}},
pages = {236--247},
publisher = {Universit{\'{e}} du Qu{\'{e}}bec {\`{a}} Montr{\'{e}}al},
title = {Reduplication feeding syntactic movement},
url = {http://homes.chass.utoronto.ca/~cla-acl/2003/Travis.pdf},
year = {2003},
editor = {Burelle, Sophie and Somesfalean, Stanca},
urldate = {2020-09-12}
}

@article{Davies2000,
author = {Davies, William D.},
doi = {10.2307/3623219},
issn = {00298115},
journal = {Oceanic Linguistics},
number = {1},
pages = {123--143},
title = {Events in {M}adurese reciprocals},
volume = {39},
year = {2000}
}

@article{Ghomeshietal2004,
author = {Ghomeshi, Jila and Jackendoff, Ray and Rosen, Nicole and Russell, Kevin},
journal = {Natural Language {\&} Linguistic Theory},
number = {2},
pages = {307--357},
title = {Contrastive Focus Reduplication in {E}nglish (The Salad-Salad Paper)},
volume = {22},
year = {2004},
doi = {10.1023/B:NALA.0000015789.98638.f9}
}

@book{Jackendoff1997,
  title={The architecture of the language faculty},
  author={Jackendoff, Ray},
  year={1997},
  publisher={MIT Press},
  address = {Cambridge, MA},
  series = {Linguistic Inquiry Monographs}
}

@book{Jackendoff2002,
address = {Oxford},
author = {Jackendoff, Ray},
isbn = {9780198270126},
publisher = {Oxford University Press},
title = {Foundations of Language: {B}rain, Meaning, Grammar, Evolution},
year = {2002},
doi = {10.1093/acprof:oso/9780198270126.001.0001},
}

@phdthesis{Richards1997,
author = {Richards, Norvin W.},
school = {MIT},
title = {What moves where in which language?},
type = {Dissertation},
url = {https://dspace.mit.edu/bitstream/handle/1721.1/10236/38529295-MIT.pdf?sequence=2},
urldate = {2020-12-06},
year = {1997}
}

@incollection{Inkelas2005,
address = {Berlin, New York},
author = {Inkelas, Sharon},
booktitle = {Studies on Reduplication},
editor = {Hurch, Bernhard},
isbn = {9783110911466},
pages = {65--88},
publisher = {De Gruyter Mouton},
title = {{Morphological Doubling Theory: Evidence for morphological doubling in reduplication}},
year = {2005},
doi = {10.1515/9783110911466.65},
}

@phdthesis{Dai1992,
isbn = {061239378X},
author = {Dai, Xiang-ling},
school = {Ohio State University},
title = {{Chinese} morphology and its interface with the syntax},
opttype = {Dissertation},
year = {1992},
url = {https://etd.ohiolink.edu/apexprod/rws_etd/send_file/send?accession=osu1487777901660569&disposition=inline},
urldate = {2020-08-02}
}

@inproceedings{Tao2009,
address = {Smithfield, Rhode Island},
author = {Tao, Liang},
booktitle = {Proceedings of the 21st North American Conference on Chinese Linguistics (NACCL-21)},
editor = {Xiao, Yun},
pages = {209--228},
publisher = {Bryant University},
title = {Serial verb construction in {M}andarin {C}hinese: The interface of syntax and semantics},
url = {http://naccl.osu.edu/sites/naccl.osu.edu/files/NACCL-21_Vol._2--Liang_Tao--pp._209-228.pdf},
urldate = {2020-12-18},
volume = {2},
year = {2009}
}

@article{Schaefer2009,
author = {Sch{\"{a}}fer, Martin},
issn = {1750-1245},
journal = {Word Structure},
number = {2},
pages = {272--293},
title = {{A+N} constructions in {M}andarin and the ‘compound vs.\ phrase' debate},
volume = {2},
year = {2009},
doi = {10.3366/E1750124509000452}
}

@article{Huang1984,
author = {Huang, C.-T. James},
journal = {Journal of Chinese Language Teachers Association},
number = {2},
pages = {53--78},
title = {Phrase structure, lexical integrity, and {C}hinese compounds},
url = {https://scholar.harvard.edu/files/ctjhuang/files/1984.lexical.integrity.pdf?m=1443058311},
urldate={2020-12-18},
volume = {12},
year = {1984}
}

@incollection{Duanmu1998,
address = {Berlin},
author = {Duanmu, San},
booktitle = {New approaches to {C}hinese word formations},
editor = {Packard, Jerome L.},
pages = {135--196},
publisher = {De Gruyter Mouton},
title = {Wordhood in {C}hinese},
year = {1998},
doi = {10.1515/9783110809084.135},
}


@inproceedings{MuellerLipenkova2013,
	Address = {Taipei, Taiwan},
	Author = {M{\"u}ller, Stefan and Lipenkova, Janna},
	Booktitle = {Proceedings of the 27th {Pacific Asia Conference on Language, Information, and Computation} ({PACLIC} 27)},
	Pages = {240--249},
	Publisher = {Department of English, National Chengchi University},
	Title = {{ChinGram}: {A} {TRALE} Implementation of an {HPSG} Fragment of {Mandarin Chinese}},
	url = {https://www.aclweb.org/anthology/Y13-1023.pdf},
	urldate = {2020-07-01},
	Year = {2013}}

@inproceedings{MuellerLipenkova2013-short,
	Address = {Taipei, Taiwan},
	Author = {M{\"u}ller, Stefan and Lipenkova, Janna},
	Booktitle = {Proceedings of {PACLIC} 27},
	Pages = {240--249},
	optPublisher = {Department of English, National Chengchi University},
	Title = {{ChinGram}: {A} {TRALE} Implementation of an {HPSG} Fragment of {Mandarin Chinese}},
	url = {https://www.aclweb.org/anthology/Y13-1023.pdf},
	urldate = {2020-07-01},
	Year = {2013}}


@inproceedings{MuellerLipenkova2009,
  author      = {M{\"u}ller, Stefan and Lipenkova, Janna},
  title       = {Serial Verb Constructions in {Chinese}: {A}n {HPSG} Account},
  url         = {http://cslipublications.stanford.edu/HPSG/2009/mueller-lipenkova.pdf},
  urldate =	{2020-07-01},
  pages       = {234--254},
  booktitle   =	{{Proceedings of the 16th International Conference on Head-Driven Phrase Structure Grammar, University of G{\"o}ttingen, Germany}},
  editor      =	{M{\"u}ller, Stefan},
  address     =	{Stanford},
  publisher   =	{CSLI Publications},
  year	      =	{2009},
}

@inproceedings{MuellerLipenkova2009-short,
  author      = {M{\"u}ller, Stefan and Lipenkova, Janna},
  title       = {Serial Verb Constructions in {Chinese}},
  url         = {http://cslipublications.stanford.edu/HPSG/2009/mueller-lipenkova.pdf},
  urldate =	{2020-07-01},
  pages       = {234--254},
  booktitle   =	{{Proceedings of HPSG 2009}},
  opteditor      =	{M{\"u}ller, Stefan},
  address     =	{Stanford},
  publisher   =	{CSLI Publications},
  year	      =	{2009},
}

