%% LaTeX2e file `ref.bib'
%% generated by the `filecontents' environment
%% from source `bib-test' on 2021/03/11.
%%
    @book{Ramchand2008,
    address={Cambridge},
    series={Cambridge Studies in Linguistics},
    number= 116,
    title={Verb Meaning and the Lexicon: {A} {F}irst {P}hase {S}yntax},
    publisher={Cambridge University Press},
    author={Ramchand, Gillian Catriona},
    chapter = {10},
    year={2008},
    collection={Cambridge Studies in Linguistics 116},
    DOI={10.1017/CBO9780511486319}
    }
    
